<?xml version="1.0" encoding="UTF-8"?>
<collection xmlns:xsi="http://www.w3.org/2001/XMLSchema-instance" xsi:schemaLocation="http://www.loc.gov/MARC21/slim http://www.loc.gov/standards/marcxml/schema/MARC21slim.xsd" xmlns="http://www.loc.gov/MARC21/slim">
<record>
  <leader>01188cam a2200277 a 4500</leader>
  <controlfield tag="001">3058897</controlfield>
  <controlfield tag="003">NNC</controlfield>
  <controlfield tag="005">20130426014647.0</controlfield>
  <controlfield tag="008">850312s1950    ua       b    001 0 arard</controlfield>
  <datafield tag="035" ind1=" " ind2=" ">
    <subfield code="a">(OCoLC)ocm11795623</subfield>
  </datafield>
  <datafield tag="035" ind1=" " ind2=" ">
    <subfield code="9">ATM7504CU</subfield>
  </datafield>
  <datafield tag="035" ind1=" " ind2=" ">
    <subfield code="a">(NNC)3058897</subfield>
  </datafield>
  <datafield tag="040" ind1=" " ind2=" ">
    <subfield code="a">IXA</subfield>
    <subfield code="c">IXA</subfield>
    <subfield code="d">ZCU</subfield>
  </datafield>
  <datafield tag="099" ind1=" " ind2=" ">
    <subfield code="a">893.796</subfield>
    <subfield code="a">D14</subfield>
  </datafield>
  <datafield tag="100" ind1="1" ind2=" ">
    <subfield code="a">Daylamī, Muḥammad ibn al-Ḥasan,</subfield>
    <subfield code="d">-1311 or 1312.</subfield>
  </datafield>
  <datafield tag="245" ind1="1" ind2="0">
    <subfield code="a">Qawāʻid ʻaqāʾid āl Muḥammad :</subfield>
    <subfield code="b">al-Bāṭinīyah /</subfield>
    <subfield code="c">Muḥammad ibn al-Ḥasan al-Daylamī al-Yamānī ; ʻarafa al-kitāb wa-qaddamahu lil-qurrāʾ Muḥammad Zāhid ibn al-Ḥasan al-Kawtharī ; ʻuniya bi-nashrahu wa-ṣaḥḥaḥahu wa-waḍaʻa fahārusuhu ʻIzzat al-ʻAṭṭār al-Ḥusaynī.</subfield>
  </datafield>
  <datafield tag="260" ind1=" " ind2=" ">
    <subfield code="a">al-Qāhirah :</subfield>
    <subfield code="b">s.n.,</subfield>
    <subfield code="c">1950</subfield>
    <subfield code="e">(al-Qāhirah :</subfield>
    <subfield code="f">Maṭbaʻat al-Saʻādah)</subfield>
  </datafield>
  <datafield tag="300" ind1=" " ind2=" ">
    <subfield code="a">157, 2 p. ;</subfield>
    <subfield code="c">25 cm.</subfield>
  </datafield>
  <datafield tag="490" ind1="1" ind2=" ">
    <subfield code="a">Kutub nādirah ;</subfield>
    <subfield code="v">al-ʻadad 500</subfield>
  </datafield>
  <datafield tag="504" ind1=" " ind2=" ">
    <subfield code="a">Includes bibliographical references and indexes.</subfield>
  </datafield>
  <datafield tag="650" ind1=" " ind2="0">
    <subfield code="a">Batinites.</subfield>
  </datafield>
  <datafield tag="650" ind1=" " ind2="0">
    <subfield code="a">Islam.</subfield>
  </datafield>
  <datafield tag="700" ind1="1" ind2=" ">
    <subfield code="a">Kawtharī, Muḥammad Zāhid ibn al-Ḥasan.</subfield>
  </datafield>
  <datafield tag="700" ind1="1" ind2=" ">
    <subfield code="a">Ḥusaynī, ʻIzzat al-ʻAṭṭār.</subfield>
  </datafield>
  <datafield tag="830" ind1=" " ind2="0">
    <subfield code="a">Kutub nādirah ;</subfield>
    <subfield code="v">al-ʻadad 500.</subfield>
  </datafield>
  <datafield tag="955" ind1=" " ind2=" ">
    <subfield code="b">CU58836578</subfield>
    <subfield code="d">off,glx</subfield>
    <subfield code="e">893.796 D14</subfield>
  </datafield>
</record>
</collection>